@book { long,
        author = "Long, John and Gaines, Bob",
        title = "Climbing Anchors, Second Edition",
        year = "2006",
        publisher = "Falcon Guides",
        address = "Helena, MT"

}

@misc { anchors1,
    title = "Варианты организации станций страховки",
    howpublished = "\url{http://www.risk.ru/users/vgr/6620/}"
}

@misc { anchors2,
    title = "Варианты организации станций страховки. Часть 2. Станции на двух точках",
    howpublished = "\url{http://www.risk.ru/users/vgr/6626/}"
}

@misc { anchors3,
    title = "Варианты организации станций страховки. Часть 3. Станции на трёх и более точках",
    howpublished = "\url{http://www.risk.ru/users/vgr/6660/}"
}

@misc { anchors4,
    title = "Варианты организации станций страховки. Часть 4",
    howpublished = "\url{http://www.risk.ru/users/vgr/6836/}"
}
